@string{PRL =   "Phys. Rev. Lett."}
@string{PoP =   "Phys. Plasmas"}
@string{PoF =   "Phys. Fluids"}
@string{PFB =   "Phys. Fluids B"}
@string{NF =   "Nucl. Fusion"}
@string{PPCF =   "Plasma Phys. Controlled Fusion"}
@string{RMP =   "Rev. Mod. Phys."}
@string{CPP =   "Contrib. Plasma Phys."}
@string{JCP =   "J. Comp. Phys."}
@string{RPP =   "Rep. Prog. Phys."}

@Article{sfincsPaper,
 author="M Landreman and H M Smith and A Moll\'{e}n and P Helander",
 journal =      PoP,
 year =         2014,
 volume =       21,
 pages =        042503
}

@Article{speedGrids,
 author="M Landreman and D Ernst",
 journal =      JCP,
 year =         2013,
 volume =       243,
 pages =        130
}

@Article{AbelReview,
 author="I G Abel and G G Plunk and E Wang and M Barnes and S C Cowley and W Dorland and A A Schekochihin",
 journal =      RPP,
 year =         2013,
 volume =       76,
 pages =        116201
}

@Article{Regana2013,
 author="J M Garc\'{i}a-Regana and R Kleiber and C D Beidler and Y Turkin and H Maassberg and P Helander",
 journal =      PPCF,
 year =         2013,
 volume =       55,
 pages =        074008
}

@Article{Regana2017,
 author="J M Garc\'{i}a-Regana and C D Beidler and R Kleiber and P Helander and A Moll\'{e}n and J A Alonso and M Landreman and H Maa{\ss}berg and H M Smith and Y Turkin and J L Velasco",
 journal =      NF,
 year =         2017,
 volume =       57,
 pages =        056004
}

@Article{Kasilov2014,
 author="S V Kasilov and W Kernbichler and A F Martitsch and H Maassberg and M F Heyn",
 journal =      PoP,
 year =         2014,
 volume =       21,
 pages =        092506
}

@Article{Martitsch2016,
 author="A F Martitsch and S V Kasilov and W Kernbichler and G Kapper and C G Albert and M F Heyn and H M Smith and E Strumberger and S Fietz and W Suttrop and M Landreman and {The ASDEX Upgrade Team} and {The EUROfusion MST1 Team}",
 journal =      PPCF,
 year =         2016,
 volume =       58,
 pages =        074007
}

@Article{Sugama2016,
 author="H Sugama and S Matsuoka and S Satake and R Kanno",
 journal =      PoP,
 year =         2016,
 volume =       23,
 pages =        042502
}

@Article{Mollen2018,
 author="A Moll\'{e}n and M Landreman and H M Smith and J M Garc\'{i}a-Regana and M Nunami",
 journal =      PPCF,
 year =         2018,
 volume =       999,
 pages =        999999
}

@Misc{PETSc2017,
 author="Argonne National Laboratory",
title = "PETSc Users Manual - Revision 3.8",
 year =         2017,
note =      "ANL-95/11 Rev 3.8",
}



